
@mastersthesis{Uth_Thesis2017,
	title		= {Stability-Based Hybrid Automata for Safety Verification Using Continuation Methods},
	author		= {Peter Uth},
	year		= {2017},
	school		= {University of Washington}}

@inproceedings{Uth_Scitech2018,
  	title		= {Construction of Stability-Based Hybrid Automata for Safety Verification Using Continuation Methods},
  	author		= {Peter Uth and Anshu Narang-Siddarth and Matthew Clark},
  	booktitle	= {AIAA Guidance, Navigation, and Control Conference},
  	year		= {2018 (in review)}}

@article{Gansner2000,
	title		= {An Open Graph Visualization System and its Applications to Software Engineering},
	author		= {Gansner, Emden R and North, Stephen C},
	journal		= {Software Practice and Experience},
	volume		= {30},
	number		= {11},
	pages		= {1203--1233},
	year		= {2000}}
   
@misc{Gansner2006,
	title		= {Drawing Graphs with DOT},
	author		= {Gansner, Emden and Koutsofios, Eleftherios and North, Stephen},
	year		= {2006},
	howpublished= {Technical report, AT\&T Research},
	note		= {[online] http://www.graphviz.org/Documentation/dotguide.pdf}}

@article{Ellson,
	title		= {Graphviz and Dynagraph â€” Static and Dynamic Graph Drawing Tools},
	author		= {Ellson, John and Gansner, Emden R and Koutsofios, Eleftherios and North, Stephen C and Woodhull, Gordon},
	journal		= {Springer Graph Drawing Software},
	pages		= {127--148},
	year		= {2004}}

@online{Fauske,
  	author 		= {Kjell Magne Fauske},
  	title 		= {dot2tex - a GraphViz to LaTeX converter},
  	note		= {[online] https://dot2tex.readthedocs.io/en/latest/}}
  	